@article{GPT2radford2019,
  title={Language Models Are Unsupervised Multitask Learners},
  author={Radford, Alec and Wu, Jeff and Child, Rewon and Luan, David and Amodei, Dario and Sutskever, Ilya},
  year={2019}
}

@misc{touvron2023llama,
      title={Llama 2: Open Foundation and Fine-Tuned Chat Models}, 
      author={Hugo Touvron and Louis Martin and Kevin Stone and Peter Albert and Amjad Almahairi and Yasmine Babaei and Nikolay Bashlykov and Soumya Batra and Prajjwal Bhargava and Shruti Bhosale and Dan Bikel and Lukas Blecher and Cristian Canton Ferrer and Moya Chen and Guillem Cucurull and David Esiobu and Jude Fernandes and Jeremy Fu and Wenyin Fu and Brian Fuller and Cynthia Gao and Vedanuj Goswami and Naman Goyal and Anthony Hartshorn and Saghar Hosseini and Rui Hou and Hakan Inan and Marcin Kardas and Viktor Kerkez and Madian Khabsa and Isabel Kloumann and Artem Korenev and Punit Singh Koura and Marie-Anne Lachaux and Thibaut Lavril and Jenya Lee and Diana Liskovich and Yinghai Lu and Yuning Mao and Xavier Martinet and Todor Mihaylov and Pushkar Mishra and Igor Molybog and Yixin Nie and Andrew Poulton and Jeremy Reizenstein and Rashi Rungta and Kalyan Saladi and Alan Schelten and Ruan Silva and Eric Michael Smith and Ranjan Subramanian and Xiaoqing Ellen Tan and Binh Tang and Ross Taylor and Adina Williams and Jian Xiang Kuan and Puxin Xu and Zheng Yan and Iliyan Zarov and Yuchen Zhang and Angela Fan and Melanie Kambadur and Sharan Narang and Aurelien Rodriguez and Robert Stojnic and Sergey Edunov and Thomas Scialom},
      year={2023},
      eprint={2307.09288},
      archivePrefix={arXiv},
      primaryClass={cs.CL}
}

@misc{goodfellow2014generative,
      title={Generative Adversarial Networks}, 
      author={Ian J. Goodfellow and Jean Pouget-Abadie and Mehdi Mirza and Bing Xu and David Warde-Farley and Sherjil Ozair and Aaron Courville and Yoshua Bengio},
      year={2014},
      eprint={1406.2661},
      archivePrefix={arXiv},
      primaryClass={stat.ML}
}

@misc{radford2016unsupervised,
      title={Unsupervised Representation Learning with Deep Convolutional Generative Adversarial Networks}, 
      author={Alec Radford and Luke Metz and Soumith Chintala},
      year={2016},
      eprint={1511.06434},
      archivePrefix={arXiv},
      primaryClass={cs.LG}
}

@misc{xian2018texturegan,
      title={TextureGAN: Controlling Deep Image Synthesis with Texture Patches}, 
      author={Wenqi Xian and Patsorn Sangkloy and Varun Agrawal and Amit Raj and Jingwan Lu and Chen Fang and Fisher Yu and James Hays},
      year={2018},
      eprint={1706.02823},
      archivePrefix={arXiv},
      primaryClass={cs.CV}
}

@misc{sohldickstein2015deep,
      title={Deep Unsupervised Learning Using Nonequilibrium Thermodynamics}, 
      author={Jascha Sohl-Dickstein and Eric A. Weiss and Niru Maheswaranathan and Surya Ganguli},
      year={2015},
      eprint={1503.03585},
      archivePrefix={arXiv},
      primaryClass={cs.LG}
}

@misc{dhariwal2021diffusion,
      title={Diffusion Models Beat GANs on Image Synthesis}, 
      author={Prafulla Dhariwal and Alex Nichol},
      year={2021},
      eprint={2105.05233},
      archivePrefix={arXiv},
      primaryClass={cs.LG}
}

@misc{dosovitskiy2021image,
      title={An Image Is Worth 16x16 Words: Transformers for Image Recognition at Scale}, 
      author={Alexey Dosovitskiy and Lucas Beyer and Alexander Kolesnikov and Dirk Weissenborn and Xiaohua Zhai and Thomas Unterthiner and Mostafa Dehghani and Matthias Minderer and Georg Heigold and Sylvain Gelly and Jakob Uszkoreit and Neil Houlsby},
      year={2021},
      eprint={2010.11929},
      archivePrefix={arXiv},
      primaryClass={cs.CV}
}

@misc{yan2021videogpt,
      title={VideoGPT: Video Generation Using VQ-VAE and Transformers}, 
      author={Wilson Yan and Yunzhi Zhang and Pieter Abbeel and Aravind Srinivas},
      year={2021},
      eprint={2104.10157},
      archivePrefix={arXiv},
      primaryClass={cs.CV}
}

@misc{jiang2021transgan,
      title={TransGAN: Two Pure Transformers Can Make One Strong GAN, and That Can Scale Up}, 
      author={Yifan Jiang and Shiyu Chang and Zhangyang Wang},
      year={2021},
      eprint={2102.07074},
      archivePrefix={arXiv},
      primaryClass={cs.CV}
}

@misc{vaswani2023attention,
      title={Attention Is All You Need}, 
      author={Ashish Vaswani and Noam Shazeer and Niki Parmar and Jakob Uszkoreit and Llion Jones and Aidan N. Gomez and Lukasz Kaiser and Illia Polosukhin},
      year={2023},
      eprint={1706.03762},
      archivePrefix={arXiv},
      primaryClass={cs.CL}
}

@misc{chen2022dearkd,
      title={DearKD: Data-Efficient Early Knowledge Distillation for Vision Transformers}, 
      author={Xianing Chen and Qiong Cao and Yujie Zhong and Jing Zhang and Shenghua Gao and Dacheng Tao},
      year={2022},
      eprint={2204.12997},
      archivePrefix={arXiv},
      primaryClass={cs.CV}
}

@misc{kaplan2020scaling,
      title={Scaling Laws for Neural Language Models}, 
      author={Jared Kaplan and Sam McCandlish and Tom Henighan and Tom B. Brown and Benjamin Chess and Rewon Child and Scott Gray and Alec Radford and Jeffrey Wu and Dario Amodei},
      year={2020},
      eprint={2001.08361},
      archivePrefix={arXiv},
      primaryClass={cs.LG}
}
