@misc{nanoGPTkarpathy2023,
	author = {Andrej Karpathy},
    year={2023},
	title = {{GitHub - karpathy/nanoGPT: The simplest, fastest repository for training/finetuning medium-sized GPTs.}},
	url = {https://github.com/karpathy/nanoGPT/tree/master},
}

@misc{nanogpt-lecturekarpathy2023,
	author = {Andrej Karpathy},
    year={2023},
	title = {{GitHub - nanogpt-lecture}},
	url = {https://github.com/karpathy/ng-video-lecture/blob/master/gpt.py},
}

@misc{gossler2023,
	author = {Dennis Goßler},
    year={2024},
	title = {{Masterthesis}},
	url = {https://github.com/DennisGoss99/MasterThesis},
}

@misc{Subramanian2023,
	author = {S. Subramanian},
	year = {2023},
	title = {{Multi GPU training with DDP — PyTorch Tutorials 2.2.2+cu121 documentation}},
	url = {https://pytorch.org/tutorials/beginner/ddp_series_multigpu.html?utm_source=youtube&utm_medium=organic_social&utm_campaign=tutorial},
}